<?xml version="1.0" encoding="UTF-8"?><collection xmlns="http://www.loc.gov/MARC21/slim"><record><leader>00440nam--2200145-i-4500</leader><controlfield tag="001">000009227</controlfield><controlfield tag="002">20161230</controlfield><controlfield tag="005">20161230201028</controlfield><controlfield tag="008">060222s1000------------r-----000-0-eng-d</controlfield><datafield ind1=" " ind2=" " tag="080"><subfield code="a">517.512.3</subfield></datafield><datafield ind1=" " ind2=" " tag="100"><subfield code="a">Brenner,Jorg</subfield></datafield><datafield ind1=" " ind2=" " tag="245"><subfield code="a">Uber eine erwiterung des orthogonalitatsbe griffesbeu polynomen in einer und zwei variablen</subfield></datafield><datafield ind1=" " ind2=" " tag="260"><subfield code="a">Stuttgart, Technische Hochschule, 1969 89 P</subfield></datafield><datafield ind1=" " ind2=" " tag="852"><subfield code="a">32545</subfield><subfield code="c">517.43</subfield></datafield><datafield ind1=" " ind2=" " tag="CAT"><subfield code="a">Sys</subfield><subfield code="c">20080722</subfield><subfield code="h">132757</subfield></datafield></record></collection>